@book{humphreys2012introduction,
  title={Introduction to Lie algebras and representation theory},
  author={Humphreys, James E},
  volume={9},
  year={2012},
  publisher={Springer Science \& Business Media}
}